<?xml version="1.0" encoding="UTF-8"?><collection xmlns="http://www.loc.gov/MARC21/slim"><record><leader>00453nam--2200157-i-4500</leader><controlfield tag="001">000046493</controlfield><controlfield tag="002">20161230</controlfield><controlfield tag="005">20161230201046</controlfield><controlfield tag="008">060222s1000------------r-----000-0-rum-d</controlfield><datafield ind1=" " ind2=" " tag="041"><subfield code="a">rum</subfield></datafield><datafield ind1="1" ind2=" " tag="100"><subfield code="a">Vilcovici, V</subfield></datafield><datafield ind1="1" ind2="0" tag="245"><subfield code="a">Curs de mecanica</subfield><subfield code="b">Vol.1.statica, dinamica punctului si a sistemelor</subfield><subfield code="c">V. Vilcovici</subfield></datafield><datafield ind1=" " ind2=" " tag="260"><subfield code="a">Bucuresti, Ministerul Invatamantului Si Culturii, 1958</subfield></datafield><datafield ind1=" " ind2=" " tag="300"><subfield code="a">822 P</subfield></datafield><datafield ind1=" " ind2=" " tag="852"><subfield code="a">5173</subfield><subfield code="c">531</subfield></datafield><datafield ind1=" " ind2=" " tag="CAT"><subfield code="a">Sys</subfield><subfield code="c">20100528</subfield><subfield code="h">093031</subfield></datafield></record></collection>